@misc{int1,
      title={The history and enduring contributions of planarians to the study of animal regeneration}, 
      author={Sarah A. Elliott and Alejandro SÃ¡nchez Alvarado},
      year={2012}
}

@misc{int2,
      title={Planarians: an In Vivo Model for Regenerative Medicine}, 
      author={Ali Karami and Hamid Tebyanian and Vahabodin Goodarzi and Sajad Shiri},
      year={2015}
}

@misc{int3,
      title={Minimizing of morphometric
errors in planarian regeneration}, 
      author={Tiras, K. and Petrova, O. and Myakisheva, S. and Deev, A., and
Aslanidi, K.},
      year={2015}
}

@misc{int4,
      title={Registration of regeneration in planarians
from photographic images}, 
      author={Tiras, K. and Mestetskiy, L. and Nefedova, S., and Lomov, N},
      year={2021}
}

@misc{int5,
      title={On a peculiarity of planarian digestion}, 
      author={Sheimann, I. M. and Sakharova, N},
      year={1974}
}

@misc{int6,
      title={Innate immune system and tissue regeneration in planarians: An area ripe for exploration}, 
      author={Peiris, T. and Hoyer, K., and Oviedo, N},
      year={2014}
}

@misc{int7,
      title={Non-invasive in vivo spectroscopy using a
monitor calibrator: A case of planarian feeding and di-
gestion statuses.}, 
      author={Apyari, V. and Tiras, K. and Nefedova, S. and Gorbunova, M.},
      year={2021}
}

@misc{int8,
      title={On a peculiarity of planarian digestion}, 
      author={Tiras, K. P. and Nefedova, S. and Novikov, K. and Emelyanenko, V., and Balmashov, S.},
      year={2018}
}
